@article{Wiki1,
    author = {Alberto Gonz√°lez Cristiano},
    title = {https://sistemas.com/937.php},
    journal = {},
    year = {2018},
    volume = {},
    number = {},
    pages = {}
}

@article{Cron,
    author = {Wikipedia},
    title = {https://es.wikipedia.org/wiki/Cron},
    journal = {},
    year = {2018},
    volume = {},
    number = {},
    pages = {}
}

@article{Wiki3,
    author = {Wikipedia},
    title = {https://es.wikipedia.org/wiki/partition},
    journal = {},
    year = {2018},
    volume = {},
    number = {},
    pages = {}
}

@article{Wiki4,
    author = {Linux Juggernaut},
    title = {https://www.linuxnix.com/what-is-a-mount-point-in-linuxunix/},
    journal = {},
    year = {2018},
    volume = {},
    number = {},
    pages = {}
}

@article{Wiki5,
    author = {Debian org},
    title = {https://www.debian.org/releases/stable/armel/apcs04.html.es},
    journal = {},
    year = {2018},
    volume = {},
    number = {},
    pages = {}
}

@article{Wiki6,
    author = {Wikipedia},
    title = {https://es.wikipedia.org/wiki/Ext4},
    journal = {},
    year = {2018},
    volume = {},
    number = {},
    pages = {}
}

@article{Wiki7,
    author = {Wikipedia},
    title = {https://es.wikipedia.org/wiki/Maquinavirtual},
    journal = {},
    year = {2018},
    volume = {},
    number = {},
    pages = {}
}
